% ==- INTRODUCTION -=========================================== %
% High energy physics introductory book
@book{perkins2000introduction,
    title         = {Introduction to high energy physics},
    author        = {Perkins, Donald H and Perkins, Donald H},
    year          = {2000},
    publisher     = {Cambridge University Press}
}


% Theoretical formulation of the Higgs Boson
@article{higgs1964broken,
    title         = {Broken symmetries and the masses of gauge bosons},
    author        = {Higgs, Peter W},
    journal       = {Physical Review Letters},
    volume        = {13},
    number        = {16},
    pages         = {508},
    year          = {1964},
    publisher     = {APS}
}

% Experimental observation of the Higgs Boson
@article{aad2012observation,
    title         = {Observation of a new particle in the search for the Standard Model Higgs boson with the ATLAS detector at the LHC},
    author        = {Aad, Georges and Abajyan, Tatevik and Abbott, B and Abdallah, J and Khalek, S Abdel and Abdelalim, Ahmed Ali and Abdinov, O and Aben, R and Abi, B and Abolins, M and others},
    journal       = {Physics Letters B},
    volume        = {716},
    number        = {1},
    pages         = {1--29},
    year          = {2012},
    publisher     = {Elsevier}
}

% CMS experiment
@misc{collaboration2008cms,
    title         = {The CMS experiment at the CERN LHC},
    author        = {Collaboration, CMS and others},
    year          = {2008},
    publisher     = {Jinst}
}

% Reconstruction of events through software at a particle accelerator
@article{sirunyan2017particle,
    title         = {Particle-flow reconstruction and global event description with the CMS detector},
    author        = {Sirunyan, Albert M and CMS collaboration and others},
    journal       = {JINST},
    volume        = {12},
    number        = {10},
    pages         = {P10003},
    year          = {2017}
}

% --- STATE OF THE ART ---------------------------------------- %
% GPU-based Runge Kutta 4 for Drift Chambers
@article{yeo2019gpgpu,
    title         = {GPGPU Tracking in the COMET Phase-I Cylindrical Drift Chamber},
    author        = {Yeo, Beomki and Lee, Myeong Jae and Semertzidis, Yannis K and Kuno, Yoshitaka},
    journal       = {arXiv preprint arXiv:1908.01949},
    year          = {2019}
}

% GPU's original use in computer graphics reference
@book{pharr2005gpu,
    title         = {Gpu gems 2: programming techniques for high-performance graphics and general-purpose computation},
    author        = {Pharr, Matt and Fernando, Randima},
    year          = {2005},
    publisher     = {Addison-Wesley Professional}
}

% KF-based particle tracking on parallel architectures
@inproceedings{cerati2016kalman,
    title         = {Kalman-Filter-based particle tracking on parallel architectures at Hadron Colliders},
    author        = {Cerati, Giuseppe and Tadel, M and W{\"u}rthwein, F and Yagil, A and Lantz, S and McDermott, K and Riley, D and Wittich, P and Elmer, P},
    booktitle     = {2015 IEEE Nuclear Science Symposium and Medical Imaging Conference (NSS/MIC)},
    pages         = {1--4},
    year          = {2016},
    organization  = {IEEE}
}


% ==- PROBLEM DEFINITION -===================================== %
% Basic description of circular particle accelerators
@misc{leduff2005longitudinal,
    author        = {Le Duff, J.},
    title         = {Longitudinal beam dynamics in circular accelerators},
    month         = {June},
    year          = {2005},
    publisher     = {CERN}
}

% Basic description of linear particle accelerators
@misc{pinchoff2005introduction,
    author        = {Pinchoff, N.},
    title         = {Introduction to RF linear accelerators},
    month         = {June},
    year          = {2005},
    publisher     = {CERN}
}

% General description of the CEBAF accelerator
@article{leemann2001continuous,
    author        = {Leemann, Christoph W and Douglas, David R and Krafft, Geoffrey A},
    title         = {The continuous electron beam accelerator facility: CEBAF at the Jefferson Laboratory},
    journal       = {Annual Review of Nuclear and Particle Science},
    volume        = {51},
    number        = {1},
    pages         = {413--450},
    year          = {2001},
    publisher     = {Annual Reviews 4139 El Camino Way, PO Box 10139, Palo Alto, CA 94303-0139, USA}
}

% Description of CLAS12
@article{mecking2003cebaf,
    title         = {The CEBAF large acceptance spectrometer (CLAS)},
    author        = {Mecking, Bernhard A and Adams, G and Ahmad, S and Anciant, E and Anghinolfi, M and Asavapibhop, B and Asryan, G and Audit, G and Auger, T and Avakian, H and others},
    journal       = {Nuclear Instruments and Methods in Physics Research Section A: Accelerators, Spectrometers, Detectors and Associated Equipment},
    volume        = {503},
    number        = {3},
    pages         = {513--553},
    year          = {2003},
    publisher     = {Elsevier}
}

Description of the CLAS12 offline software
@techreport{ziegler2013clas12,
    author        = {Ziegler, Veronique},
    title         = {CLAS12 Software Document - Hall B 12 GeV upgrade},
    year          = {2013},
    institution   = {Jefferson Lab},
    note          = "Software Draft"
}

% Large quantities of data processed by scientific apps
@inproceedings{demchenko2013addressing,
    title         = {Addressing big data issues in scientific data infrastructure},
    author        = {Demchenko, Yuri and Grosso, Paola and De Laat, Cees and Membrey, Peter},
    booktitle     = {Collaboration Technologies and Systems (CTS), 2013 International Conference on},
    pages         = {48--55},
    year          = {2013},
    organization  = {IEEE}
}

% Drift Chambers tracking specifications
@techreport{mestayer2017clas,
    title         = {CLAS12 - Drift Chambers (DC)},
    author        = {Mestayer, Mac and Elouadrhiri, L. and Young, G. and Burkert, V. D.},
    year          = {2017},
    organization  = {Jefferson Laboratories},
    institution   = {Jefferson Laboratories}
}

% Description of CLARA
@article{gyurjyan2013clara,
    author        = {Gyurjyan, Vardan and Mancilla, Sebasti\'an and Oyarz\'un, Ricardo},
    title         = {ClaRA: The CLAS12 Reconstruction and Analysis framework},
    journal       = {Bulletin of the American Physical Society},
    volume        = {58},
    year          = {2013},
    publisher     = {APS}
}

% More updates on CLARA
@inproceedings{gyurjyan2015component,
    title         = {Component based dataflow processing framework},
    author        = {Gyurjyan, V and Bartle, Aron and Lukashin, Constantine and Mancilla, S and Oyarz\'un, R and Vakhnin, A},
    booktitle     = {Big Data (Big Data), 2015 IEEE International Conference on},
    pages         = {1938--1942},
    year          = {2015},
    organization  = {IEEE}
}

% Description of ZeroMQ
@book{hintjens2013zeromq,
    author        = {Hintjens, Pieter},
    title         = {ZeroMQ: messaging for many applications},
    year          = {2013},
    publisher     = {O'Reilly Media, Inc.}
}

% Original Kalman filter presentation
@article{kalman1960new,
    title         = {A new approach to linear filtering and prediction problems},
    author        = {Kalman, Rudolph Emil},
    journal       = {Journal of basic Engineering},
    volume        = {82},
    number        = {1},
    pages         = {35--45},
    year          = {1960},
    publisher     = {American Society of Mechanical Engineers}
}

% ==- CONCEPTUAL FRAMEWORK -=================================== %
% --- THE CLARA FRAMEWORK ------------------------------------- %
% Original CLARA presentation article
@article{gyurjyan2011clara,
    author        = {Gyurjyan, Vardan and Abbott, D and Carbonneau, J and Gilfoyle, Gerard and Heddle, David and Heyes, G and Paul, S and Timmer, C and Weygand, D and Wolin, Elliott},
    year          = {2011},
    month         = {12},
    pages         = {032013},
    title         = {CLARA: A Contemporary Approach to Physics Data Processing},
    volume        = {331},
    journal       = {Journal of Physics: Conference Series},
    doi           = {10.1088/1742-6596/331/3/032013}
}

% CLARA used in NASA
@misc{lukashin2015earth,
    author        = {Lukashin, Constantine and Gyurjyan, V and Bartle, A and Callaway, E},
    title         = {Earth Science and Data Fusion: NAIADS Concept and Development},
    url           = {https://esto.nasa.gov/forum/estf2015/presentations/Lukashin_S7P9_ESTF2015.pdf},
    organization  = {NASA LaRC, SD},
    year          = {2015},
    date          = {2015-06-14},
    urldate       = {2019-06-12},
    note          = "Online; accessed 12-June-2019.\\ 
                    \texttt{https://esto.nasa.gov/forum/estf2015/presentations/}
                    \texttt{Lukashin\_S7P9\_ESTF2015.pdf}"
}

% --- CLAS12 OFFLINE SOFTWARE --------------------------------- %
% HIPO description in detail
@misc{gavalian2019data,
    author        = {Gavalian, Gagik},
    title         = {Data Processing for CLAS12},
    url           = {https://agenda.infn.it/event/18179/contributions/89830/attachments/63379/76297/EIC-Streaming-Camogli-2019.pdf},
    organization  = {EIC Streaming Readout, Camogli},
    year          = {2019},
    date          = {2019-05-22},
    urldate       = {2019-06-12},
    note          = "Online; accessed 12-June-2019.\\ 
                    \texttt{https://agenda.infn.it/event/18179/contributions/89830/} 
                    \texttt{attachments/63379/76297/EIC-Streaming-Camogli-2019.pdf}"
}

% --- DRIFT CHAMBERS ------------------------------------------ %
% Extremely detailed hardware description of the Drift Chambers
@article{mestayer2000clas,
    title         = {The CLAS drift chamber system},
    author        = {Mestayer, MD and Carman, DS and Asavapibhop, B and Barbosa, FJ and Bonneau, P and Christo, SB and Dodge, GE and Dooling, T and Duncan, WS and Dytman, SA and others},
    journal       = {Nuclear Instruments and Methods in Physics Research Section A: Accelerators, Spectrometers, Detectors and Associated Equipment},
    volume        = {449},
    number        = {1-2},
    pages         = {81--111},
    year          = {2000},
    publisher     = {Elsevier}
}


% Original tech report describing multiwire and drift chambers
@techreport{sauli1977principles,
    title         = {Principles of operation of multiwire proportional and drift chambers},
    author        = {Sauli, Fabio},
    year          = {1977},
    institution   = {Cern}
}

% Good book describing drift chambers in detail
@book{blum2008particle,
    title         = {Particle detection with drift chambers},
    author        = {Blum, Walter and Riegler, Werner and Rolandi, Luigi},
    year          = {2008},
    publisher     = {Springer Science \& Business Media}
}

% --- KALMAN FILTER ------------------------------------------- %
% Chapter describing the Kalman filter and its precision
@article{rauch1965maximum,
    author        = {Rauch, H.E. and Tung, F and Striebel, C.T.},
    year          = {1965},
    month         = {08},
    pages         = {1445-1450},
    title         = {Maximum Likelihood Estimates of Linear Dynamic Systems},
    volume        = {3 i8},
    journal       = {American Institute of Aeronautics and Astronautics (AIAA) Journal}
}

% Detailed analysis on the optimality of the Kalman filter
@article{einicke2006optimal,
    author        = {G. A. Einicke},
    journal       = {IEEE Transactions on Signal Processing},
    title         = {Optimal and robust noncausal filter formulations},
    year          = {2006},
    month         = {March},
    volume        = {54},
    number        = {3},
    pages         = {1069-1077},
    doi           = {10.1109/TSP.2005.863042},
    ISSN          = {1053-587X}
}

% Kalman filter used for guiding ships
@book{zarchan2013fundamentals,
    title         = {Fundamentals of Kalman filtering: a practical approach},
    author        = {Zarchan, Paul and Musoff, Howard},
    year          = {2013},
    publisher     = {American Institute of Aeronautics and Astronautics, Inc.}
}


% Clear definition on how the mathematical model for the Kalman filter only works for lineal problems
@book{simon2006optimal,
    title         = {Optimal state estimation: Kalman, H infinity, and nonlinear approaches},
    author        = {Simon, Dan},
    year          = {2006},
    publisher     = {John Wiley \& Sons}
}

% Well redacted description of the extended Kalman filter
@article{karimipour2015extended,
    title         = {Extended Kalman filter-based parallel dynamic state estimation},
    author        = {Karimipour, Hadis and Dinavahi, Venkata},
    journal       = {IEEE transactions on smart grid},
    volume        = {6},
    number        = {3},
    pages         = {1539--1549},
    year          = {2015},
    publisher     = {IEEE}
}

% Extension of the Kalman filter to non-linear systems
@inproceedings{julier1997new,
    title         = {New extension of the Kalman filter to nonlinear systems},
    author        = {Julier, Simon J and Uhlmann, Jeffrey K},
    booktitle     = {Signal processing, sensor fusion, and target recognition VI},
    volume        = {3068},
    pages         = {182--194},
    year          = {1997},
    organization  = {International Society for Optics and Photonics}
}

% --- RUNGE KUTTA 4 ------------------------------------------- %
% Original publication explaining Runge Kutta 4 (Why doesn't this have more references?)
@article{runge1895numerische,
    title         = {{\"U}ber die numerische Aufl{\"o}sung von Differentialgleichungen},
    author        = {Runge, Carl},
    journal       = {Mathematische Annalen},
    volume        = {46},
    number        = {2},
    pages         = {167--178},
    year          = {1895},
    publisher     = {Springer}
}

% SC book where RK4 can be found
@book{sauer2012numerical,
    title         = {Numerical Analysis},
    author        = {Timothy Sauer},
    year          = {2012},
    pages         = {314--317},
    publisher     = {Pearson}
}

% ==- PROFILING -============================================== %
% Description of profiling and intrumenting
@article{ball1994optimally,
    title         = {Optimally profiling and tracing programs},
    author        = {Ball, Thomas and Larus, James R},
    journal       = {ACM Transactions on Programming Languages and Systems (TOPLAS)},
    volume        = {16},
    number        = {4},
    pages         = {1319--1360},
    year          = {1994},
    publisher     = {ACM}
}

% More on profiling (the first paper I read on the topic)
@conference{ball1997efficient,
    author        = {Ball, T and Larus, James},
    year          = {1997},
    month         = {01},
    pages         = {46-57},
    title         = {Efficient path profiling},
    isbn          = {0-8186-7641-8},
    booktitle     = {MICRO}
}

% Description of sampling
@article{wenisch2006simflex,
  title           = {SimFlex: statistical sampling of computer system simulation},
  author          = {Wenisch, Thomas F and Wunderlich, Roland E and Ferdman, Michael and Ailamaki, Anastassia and Falsafi, Babak and Hoe, James C},
  journal         = {IEEE Micro},
  volume          = {26},
  number          = {4},
  pages           = {18--31},
  year            = {2006},
  publisher       = {IEEE}
}

% Good description of monitoring applications and hotspot analysis in java
@book{hunt2011java,
    title         = {Java performance},
    author        = {Hunt, Charlie and John, Binu},
    year          = {2011},
    publisher     = {Prentice Hall Press}
}

% Memory leaks in java
@inproceedings{xu2008precise,
    title         = {Precise memory leak detection for java software using container profiling},
    author        = {Xu, Guoqing and Rountev, Atanas},
    booktitle     = {Proceedings of the 30th international conference on Software engineering},
    pages         = {151--160},
    year          = {2008},
    organization  = {ACM}
}

% zeroturnaround analysis on developer productivity reports
@misc{maple2015developer,
    author        = {Maple, Simon},
    title         = {Developer Productivity Report 2015: Java Performance Survey Results},
    url           = {https://jrebel.com/rebellabs/developer-productivity-report-2015-java-performance-survey-results/2/},
    organization  = {JRebel},
    year          = {2015},
    date          = {2015-06-28},
    urldate       = {2019-07-22},
    note          = "Online; accessed 22-July-2019.\\
                    \texttt{https://jrebel.com/rebellabs/developer-productivity}
                    \texttt{-report-2015-java-performance-survey-results/2/}"
}

% zeroturnaround mainly used profilers
@misc{maple2015top,
    author        = {Maple, Simon},
    title         = {Top 5 Java Profilers Revealed: Real world data with VisualVM, JProfiler, Java Mission Control, YourKit and Custom tooling},
    url           = {https://jrebel.com/rebellabs/top-5-java-profilers-revealed-real-world-data-with-visualvm-jprofiler-java-mission-control-yourkit-and-custom-tooling/},
    organization  = {JRebel},
    year          = {2015},
    date          = {2015-11-29},
    urldate       = {2019-07-22},
    note          = "Online; accessed 22-July-2019.\\
                    \texttt{https://jrebel.com/rebellabs/top-5-java-profilers-revealed}
                    \texttt{-real-world-data-with-visualvm-jprofiler-java-mission}
                    \texttt{-control-yourkit-and-custom-tooling/}"
}

% JVisualVM documentation
@misc{java2019jvisualvm,
    author        = {Oracle},
    title         = {Java visualVM},
    url           = {https://docs.oracle.com/javase/8/docs/technotes/tools/unix/jvisualvm.html},
    organization  = {Oracle},
    year          = {2019},
    urldate       = {2019-06-25},
    note          = "Online; accessed 25-June-2019\\
                    \texttt{https://docs.oracle.com/javase/8/docs/technotes/tools/unix/}
                    \texttt{jvisualvm.html}"
}

% ==- SOLUTION PROPOSAL -====================================== %
% --- REFACTORING AND MICRO-OPTIMIZATIONS --------------------- %
% Java code conventions
@techreport{sun1997java,
    author        = {{Sun Microsystems}},
    title         = {Java Code Conventions},
    year          = {1997},
    url           = {https://www.oracle.com/technetwork/java/codeconventions-150003.pdf},
    urldate       = {2019-06-13},
    institution   = {Oracle},
    note          = "Online; accessed 13-June-2019\\
                    \texttt{https://www.oracle.com/technetwork/java/}
                    \texttt{codeconventions-150003.pdf}"
}

% Pretty good book on refactoring I used as reference
@book{wake2004refactoring,
    title         = {Refactoring workbook},
    author        = {Wake, William C},
    year          = {2004},
    publisher     = {Addison-Wesley Professional}
}

% --- MATRIX HANDLING CHANGES --------------------------------- %
% Parallelizing matrix operations for the Kalman filter
@inproceedings{huang2011accelerating,
    title         = {Accelerating the Kalman Filter on a GPU},
    author        = {Huang, Min-Yu and Wei, Shih-Chieh and Huang, Bormin and Chang, Yang-Lang},
    booktitle     = {2011 IEEE 17th International Conference on Parallel and Distributed Systems},
    pages         = {1016--1020},
    year          = {2011},
    organization  = {IEEE}
}

% Performance study on parallelizing the Kalman filter
@article{blattner2011performance,
    author        = {Blattner, Timothy and Yang, Shiming},
    year          = {2011},
    title         = {Performance study on CUDA GPUs for parallelizing the local ensemble transformed Kalman filter algorithm},
    journal       = {Concurrency and Computation: Practice and Experience},
    volume        = {24},
    number        = {2},
    pages         = {167-177},
    keywords      = {GPU, data assimilation, performance study, throughput, speedup},
    doi           = {10.1002/cpe.1859},
    url           = {https://onlinelibrary.wiley.com/doi/abs/10.1002/cpe.1859},
    eprint        = {https://onlinelibrary.wiley.com/doi/pdf/10.1002/cpe.1859}
}

% Problems with small matrices on GPUs
@article{moravanszky2003dense,
    title         = {Dense matrix algebra on the GPU},
    author        = {Morav{\'a}nszky, Ad{\'a}m},
    journal       = {ShaderX2: Shader Programming Tips and Tricks with DirectX},
    volume        = {9},
    pages         = {352--380},
    year          = {2003}
}

% Strassen algorithm
@article{strassen1969gaussian,
    title         = {Gaussian elimination is not optimal},
    author        = {Strassen, Volker},
    journal       = {Numerische mathematik},
    volume        = {13},
    number        = {4},
    pages         = {354--356},
    year          = {1969},
    publisher     = {Springer}
}

% Coppersmith-Winnograd algorithm
@article{coppersmith1990matrix,
    title         = {Matrix multiplication via arithmetic progressions},
    author        = {Coppersmith, Don and Winograd, Shmuel},
    journal       = {Journal of symbolic computation},
    volume        = {9},
    number        = {3},
    pages         = {251--280},
    year          = {1990},
    publisher     = {Academic Press}
}

% Actual complexity of the Strassen algorithm and numerical stability
@inproceedings{ballard2012communication,
    title={Communication-optimal parallel algorithm for strassen's matrix multiplication},
    author={Ballard, Grey and Demmel, James and Holtz, Olga and Lipshitz, Benjamin and Schwartz, Oded},
    booktitle={Proceedings of the twenty-fourth annual ACM symposium on Parallelism in algorithms and architectures},
    pages={193--204},
    year={2012},
    organization={ACM}
}

% Sherman-Morrison formula
@article{sherman1950adjustment,
    title         = {Adjustment of an inverse matrix corresponding to a change in one element of a given matrix},
    author        = {Sherman, Jack and Morrison, Winifred J},
    journal       = {The Annals of Mathematical Statistics},
    volume        = {21},
    number        = {1},
    pages         = {124--127},
    year          = {1950},
    publisher     = {JSTOR}
}

% Efficiency of matrix-matrix multiplications
@inproceedings{fatahalian2004understanding,
    title         = {Understanding the efficiency of GPU algorithms for matrix-matrix multiplication},
    author        = {Fatahalian, Kayvon and Sugerman, Jeremy and Hanrahan, Pat},
    booktitle     = {Proceedings of the ACM SIGGRAPH EUROGRAPHICS conference on Graphics hardware},
    pages         = {133--137},
    year          = {2004},
    organization  = {ACM}
}

% Su-Chang formula
@article{su1996quick,
    title         = {Quick evaluation of determinants},
    author        = {Su, Ching-Tzong and Chang, Feng Cheng},
    journal       = {Applied mathematics and computation},
    volume        = {75},
    number        = {2-3},
    pages         = {117--118},
    year          = {1996},
    publisher     = {Elsevier}
}

% LU decomposition
@article{banachiewicz1937berechnung,
    title         = {Zur Berechnung der Determinanten, wie auch der Inversen und zur darauf basierten Auflosung der Systeme linearer Gleichungen},
    author        = {Banachiewicz, Tadeusz},
    journal       = {Acta Astronom. Ser. C},
    volume        = {3},
    pages         = {41--67},
    year          = {1937}
}

% Cholesky decomposition's cost
@misc{geijn2011notes,
    title         = {Notes on Cholesky Factorization},
    author        = {van de Geijn, Robert A.},
    month         = {March},
    year          = {2011},
    publisher     = {Intitute for Computational Engineering and Sciences},
    institution   = {University of Texas at Austin}
}

% BURS formulation
@inproceedings{pelegri1988optimal,
    title         = {Optimal code generation for expression trees: an application BURS theory},
    author        = {Pelegri-Llopart, Eduardo and Graham, Susan L},
    booktitle     = {Proceedings of the 15th ACM SIGPLAN-SIGACT symposium on Principles of programming languages},
    pages         = {294--308},
    year          = {1988},
    organization  = {ACM}
}

% More on BURS
@article{aho1989code,
    title         = {Code generation using tree matching and dynamic programming},
    author        = {Aho, Alfred V and Ganapathi, Mahadevan and Tjiang, Steven WK},
    journal       = {ACM Transactions on Programming Languages and Systems (TOPLAS)},
    volume        = {11},
    number        = {4},
    pages         = {491--516},
    year          = {1989},
    publisher     = {ACM}
}

% BURG formulation
@techreport{fraser1991burg,
    title         = {BURG--Fast optimal instruction selection and tree parsing},
    author        = {Fraser, Christopher W and Henry, Robert R and Proebsting, Todd A},
    year          = {1991},
    institution   = {University of Wisconsin-Madison Department of Computer Sciences}
}

% Java hotspot performance engine description
@article{meloan1999java,
    title         = {The Java HotSpot performance engine: An in-depth look},
    author        = {Meloan, Steve},
    journal       = {Technical Whitepaper},
    year          = {1999},
    note          = "Online; accessed 23-August-2019.\\
                    \texttt{https://www.oracle.com/technetwork/java/}
                    \texttt{whitepaper-135217.html}"
}

% JAMA publication
@article{hicklin2000jama,
    title         = {Jama: A Java matrix package},
    author        = {Hicklin, Joe and Moler, Cleve and Webb, Peter and Boisvert, Ronald F and Miller, Bruce and Pozo, Roldan and Remington, Karin},
    journal       = {URL: http://math.nist.gov/javanumerics/jama},
    year          = {2000}
}

% --- MAGNETIC FIELD INTERPOLATION ------------------------------- %
% Good and simple definition online
@misc{bourke1999interpolation,
    title         = {Interpolation methods},
    author        = {Bourke, Paul},
    year          = {1999},
    note          = "Online; accessed 23-September-2019.\\
                    \texttt{http://paulbourke.net/miscellaneous/interpolation/}"
}


http://paulbourke.net/miscellaneous/interpolation/

% ==- CONCLUSIONS -=============================================== %
% Previous examples of magnetic field interpolation
@article{mackay2006divergence,
    title         = {Divergence-free magnetic field interpolation and charged particle trajectory integration},
    author        = {Mackay, F and Marchand, R and Kabin, K},
    journal       = {Journal of Geophysical Research: Space Physics},
    volume        = {111},
    number        = {A6},
    year          = {2006},
    publisher     = {Wiley Online Library}
}


% Fine tuning a Kalman Filter using machine learning
@inproceedings{abbeel2005discriminative,
    title         = {Discriminative Training of Kalman Filters.},
    author        = {Abbeel, Pieter and Coates, Adam and Montemerlo, Michael and Ng, Andrew Y and Thrun, Sebastian},
    booktitle     = {Robotics: Science and systems},
    volume        = {2},
    pages         = {1},
    year          = {2005}
}

% Testing the Hough Transform on GPUs
@inproceedings{braak2011fast,
    title         = {Fast hough transform on GPUs: Exploration of algorithm trade-offs},
    author        = {Van den Braak, Gert-Jan and Nugteren, Cedric and Mesman, Bart and Corporaal, Henk},
    booktitle     = {International Conference on Advanced Concepts for Intelligent Vision Systems},
    pages         = {611--622},
    year          = {2011},
    organization  = {Springer}
}

% GPU based Hough Transform used in the LHC
@article{halyo2013gpu,
    title         = {GPU Enhancement of the Trigger to Extend Physics Reach at the LHC},
    author        = {Halyo, V and Hunt, A and Jindal, P and LeGresley, P and Lujan, P},
    journal       = {Journal of Instrumentation},
    volume        = {8},
    number        = {10},
    pages         = {P10005},
    year          = {2013},
    publisher     = {IOP Publishing}
}

% FPGAs vs floating point
@article{fagin1994field,
    title         = {Field programmable gate arrays and floating point arithmetic},
    author        = {Fagin, Barry and Renard, Cyril},
    journal       = {IEEE Transactions on Very Large Scale Integration (VLSI) Systems},
    volume        = {2},
    number        = {3},
    pages         = {365--367},
    year          = {1994},
    publisher     = {IEEE}
}

% Shift to C++ at the LHC
@article{foundation2017roadmap,
    title         = {A Roadmap for HEP Software and Computing R\&D for the 2020s},
    author        = {Foundation, HEP and Albrecht, Johannes and Alves Jr, Antonio Augusto and Amadio, Guilherme and Andronico, Giuseppe and Anh-Ky, Nguyen and Aphecetche, Laurent and Apostolakis, John and Asai, Makoto and Atzori, Luca and others},
    journal       = {arXiv preprint arXiv:1712.06982},
    year          = {2017}
}

% Comparison between C, C++, Java, and others
@article{prechelt2000empirical,
    title         = {An empirical comparison of c, c++, java, perl, python, rexx and tcl},
    author        = {Prechelt, Lutz},
    journal       = {IEEE Computer},
    volume        = {33},
    number        = {10},
    pages         = {23--29},
    year          = {2000}
}

% Java vs C/C++ efficiency differences + programmer ability differences
@article{prechelt1999comparing,
    title         = {Comparing Java vs. C/C++ Efficiency Differences to Interpersonal Differences.},
    author        = {Prechelt, Lutz and others},
    journal       = {Commun. ACM},
    volume        = {42},
    number        = {10},
    pages         = {109--112},
    year          = {1999}
}


% ==- ADDENDUMS -============================================== %
% --- CHI^2 ERROR --------------------------------------------- %
% A book describing the error
@book{taylor1997introduction,
    title         = {An introduction to error analysis},
    author        = {Taylor, John Robert},
    year          = {1997},
    publisher     = {University Science Books},
    pages         = {268}
}

% --- HOUGH TRANSFORM ----------------------------------------- %
% Original patent of the Hough Transform
@misc{hough1962method,
    title         = {Method and means for recognizing complex patterns},
    author        = {Hough, Paul VC},
    year          = {1962},
    month         = dec # "~18",
    publisher     = {Google Patents},
    note          = {US Patent 3,069,654}
}

% Use of the Hough Transform to detect lines and curves
@techreport{duda1971use,
    title         = {Use of the Hough transformation to detect lines and curves in pictures},
    author        = {Duda, Richard O and Hart, Peter E},
    year          = {1971},
    institution   = {Sri International Menlo Park Ca Artificial Intelligence Center}
}

% Book explaining Hessian form
@book{gellert2012vnr,
    title         = {The VNR concise encyclopedia of mathematics},
    author        = {Gellert, Walter and Hellwich, M and K{\"a}stner, H and K{\"u}stner, H},
    year          = {2012},
    publisher     = {Springer Science \& Business Media}
}

% --- SU-CHANG FORMULA ---------------------------------------- %
% More on the Su-Chang formula
@article{chang1998more,
    title         = {More on quick evaluation of determinants},
    author        = {Chang, Feng Cheng and Su, Ching-Tzong},
    journal       = {Applied Mathematics and Computation},
    volume        = {93},
    number        = {1},
    pages         = {97--99},
    year          = {1998},
    publisher     = {Elsevier}
}

% Beating a dead horse
@article{chang2014determinant,
    author        = {Chang, Feng Cheng},
    year          = {2014},
    month         = {01},
    pages         = {1843-1848},
    title         = {Determinant of Matrix by Order Condensation},
    volume        = {4},
    journal       = {British Journal of Mathematics \& Computer Science},
    doi           = {10.9734/BJMCS/2014/10036}
}

% --- ARCHITECTURAL TECHNICAL DEBT ---------------------------- %
% First use of the term
@article{cunningham1992wycash,
    author        = {Cunningham, Ward},
    title         = {The WyCash Portfolio Management System},
    journal       = {SIGPLAN OOPS Mess.},
    issue_date    = {April 1993},
    volume        = {4},
    number        = {2},
    month         = dec,
    year          = {1992},
    issn          = {1055-6400},
    pages         = {29--30},
    numpages      = {2},
    url           = {http://doi.acm.org/10.1145/157710.157715},
    doi           = {10.1145/157710.157715},
    acmid         = {157715},
    publisher     = {ACM},
    address       = {New York, NY, USA},
}

% Thorough analysis and description of the concept
@article{allman2012managing,
    author        = {Allman, Eric},
    title         = {Managing Technical Debt},
    journal       = {Commun. ACM},
    issue_date    = {May 2012},
    volume        = {55},
    number        = {5},
    month         = may,
    year          = {2012},
    issn          = {0001-0782},
    pages         = {50--55},
    numpages      = {6},
    url           = {http://doi.acm.org/10.1145/2160718.2160733},
    doi           = {10.1145/2160718.2160733},
    acmid         = {2160733},
    publisher     = {ACM},
    address       = {New York, NY, USA},
}

% --- MATRIX DETERMINANT LEMMA -------------------------------- %
% Definition of the matrix determinant lemma in a nice webpage that deserves more attention
@misc{brookes1998matrix,
    author        = {Brookes, Mike},
    title         = {The Matrix Reference Manual},
    url           = {http://www.ee.ic.ac.uk/hp/staff/dmb/matrix/identity.html},
    organization  = {Imperial College},
    year          = {2019},
    urldate       = {2019-08-28},
    note          = "Online; accessed 28-August-2019\\
                    \texttt{http://www.ee.ic.ac.uk/hp/staff/dmb/matrix/identity.html}"
}

% --- CAUCHY-SCHWARZ INEQUALITY ------------------------------- %
@book{strang2005linear,
    author        = {Strang, Gilbert},
    title         = {Linear Algebra and its Applications (4th ed.)},
    year          = {2005},
    date          = {2005-06-19},
    publisher     = {Cengage Learning},
    pages         = {154-155}
}

% ==- UNUSED -================================================= %
% Computational complexity of the Kalman filter analysis
@article{samsuri2015computational,
  author          = {Samsuri, S.B. and Zamzuri, Hairi and Abdul Rahman, Mohd Azizi and Mazlan, Saiful and Abd Rahman, Abdul Hadi},
  year            = {2015},
  month           = {01},
  pages           = {7764-7768},
  title           = {Computational cost analysis of extended Kalman filter in simultaneous localization and mapping (EKF-SLAM) problem for autonomous vehicle},
  volume          = {10}
}
